@ARTICLE{2018ApJ...869...94E,
       author = {{Emerick}, Andrew and {Bryan}, Greg L. and {Mac Low}, Mordecai-Mark and
         {C{\^o}t{\'e}}, Benoit and {Johnston}, Kathryn V. and
         {O{\textquoteright}Shea}, Brian W.},
        title = "{Metal Mixing and Ejection in Dwarf Galaxies Are Dependent on Nucleosynthetic Source}",
      journal = {\apj},
     keywords = {galaxies: evolution, hydrodynamics, ISM: abundances, stars: abundances, Astrophysics - Astrophysics of Galaxies},
         year = "2018",
        month = "Dec",
       volume = {869},
          eid = {94},
        pages = {94},
          doi = {10.3847/1538-4357/aaec7d},
archivePrefix = {arXiv},
       eprint = {1809.01167},
 primaryClass = {astro-ph.GA},
       adsurl = {https://ui.adsabs.harvard.edu/\#abs/2018ApJ...869...94E},
      adsnote = {Provided by the SAO/NASA Astrophysics Data System}
}


