@ARTICLE{1931ApJ....74...43H,
   author = {{Hubble}, E. and {Humason}, M.~L.},
    title = "{The Velocity-Distance Relation among Extra-Galactic Nebulae}",
  journal = {\apj},
     year = 1931,
    month = jul,
   volume = 74,
    pages = {43},
      doi = {10.1086/143323},
   adsurl = {http://adsabs.harvard.edu/abs/1931ApJ....74...43H},
  adsnote = {Provided by the SAO/NASA Astrophysics Data System}
}

