% add your bibliography information here

@ARTICLE{dummy-citation,
       author = {{Lastname}, First},
        title = "{Blank}",
      journal = {\mnras},
     keywords = {},
         year = "2019",
        month = "Mar",
       volume = {000},
        pages = {1000-1001},
          doi = {},
archivePrefix = {arXiv},
       eprint = {0000.00000},
 primaryClass = {astro-ph.GA},
      adsnote = {Temp}
}

