@ARTICLE{Keller2018,
   author = {{Keller}, B.~W. and {Wadsley}, J.~W. and {Wang}, L. and {Kruijssen}, J.~M.~D.
	},
    title = "{Chaos and Variance in Galaxy Formation}",
  journal = {ArXiv e-prints},
archivePrefix = "arXiv",
   eprint = {1803.05445},
 keywords = {Astrophysics - Astrophysics of Galaxies},
     year = 2018,
    month = mar,
   adsurl = {http://adsabs.harvard.edu/abs/2018arXiv180305445K},
  adsnote = {Provided by the SAO/NASA Astrophysics Data System}
}

@ARTICLE{Turk2011,
   author = {{Turk}, M.~J. and {Smith}, B.~D. and {Oishi}, J.~S. and {Skory}, S. and 
	{Skillman}, S.~W. and {Abel}, T. and {Norman}, M.~L.},
    title = "{yt: A Multi-code Analysis Toolkit for Astrophysical Simulation Data}",
  journal = {\apjs},
archivePrefix = "arXiv",
   eprint = {1011.3514},
 primaryClass = "astro-ph.IM",
 keywords = {cosmology: theory, methods: data analysis, methods: numerical},
     year = 2011,
    month = jan,
   volume = 192,
      eid = {9},
    pages = {9},
      doi = {10.1088/0067-0049/192/1/9},
   adsurl = {http://adsabs.harvard.edu/abs/2011ApJS..192....9T},
  adsnote = {Provided by the SAO/NASA Astrophysics Data System}
}

@ARTICLE{astropy,
   author = {{The Astropy Collaboration} and {Price-Whelan}, A.~M. and {Sip{\H o}cz}, B.~M. and 
	{G{\"u}nther}, H.~M. and {Lim}, P.~L. and {Crawford}, S.~M. and 
	{Conseil}, S. and {Shupe}, D.~L. and {Craig}, M.~W. and {Dencheva}, N. and 
	{Ginsburg}, A. and {VanderPlas}, J.~T. and {Bradley}, L.~D. and 
	{P{\'e}rez-Su{\'a}rez}, D. and {de Val-Borro}, M. and {Aldcroft}, T.~L. and 
	{Cruz}, K.~L. and {Robitaille}, T.~P. and {Tollerud}, E.~J. and 
	{Ardelean}, C. and {Babej}, T. and {Bachetti}, M. and {Bakanov}, A.~V. and 
	{Bamford}, S.~P. and {Barentsen}, G. and {Barmby}, P. and {Baumbach}, A. and 
	{Berry}, K.~L. and {Biscani}, F. and {Boquien}, M. and {Bostroem}, K.~A. and 
	{Bouma}, L.~G. and {Brammer}, G.~B. and {Bray}, E.~M. and {Breytenbach}, H. and 
	{Buddelmeijer}, H. and {Burke}, D.~J. and {Calderone}, G. and 
	{Cano Rodr{\'{\i}}guez}, J.~L. and {Cara}, M. and {Cardoso}, J.~V.~M. and 
	{Cheedella}, S. and {Copin}, Y. and {Crichton}, D. and {D{\'A}vella}, D. and 
	{Deil}, C. and {Depagne}, {\'E}. and {Dietrich}, J.~P. and {Donath}, A. and 
	{Droettboom}, M. and {Earl}, N. and {Erben}, T. and {Fabbro}, S. and 
	{Ferreira}, L.~A. and {Finethy}, T. and {Fox}, R.~T. and {Garrison}, L.~H. and 
	{Gibbons}, S.~L.~J. and {Goldstein}, D.~A. and {Gommers}, R. and 
	{Greco}, J.~P. and {Greenfield}, P. and {Groener}, A.~M. and 
	{Grollier}, F. and {Hagen}, A. and {Hirst}, P. and {Homeier}, D. and 
	{Horton}, A.~J. and {Hosseinzadeh}, G. and {Hu}, L. and {Hunkeler}, J.~S. and 
	{Ivezi{\'c}}, {\v Z}. and {Jain}, A. and {Jenness}, T. and {Kanarek}, G. and 
	{Kendrew}, S. and {Kern}, N.~S. and {Kerzendorf}, W.~E. and 
	{Khvalko}, A. and {King}, J. and {Kirkby}, D. and {Kulkarni}, A.~M. and 
	{Kumar}, A. and {Lee}, A. and {Lenz}, D. and {Littlefair}, S.~P. and 
	{Ma}, Z. and {Macleod}, D.~M. and {Mastropietro}, M. and {McCully}, C. and 
	{Montagnac}, S. and {Morris}, B.~M. and {Mueller}, M. and {Mumford}, S.~J. and 
	{Muna}, D. and {Murphy}, N.~A. and {Nelson}, S. and {Nguyen}, G.~H. and 
	{Ninan}, J.~P. and {N{\"o}the}, M. and {Ogaz}, S. and {Oh}, S. and 
	{Parejko}, J.~K. and {Parley}, N. and {Pascual}, S. and {Patil}, R. and 
	{Patil}, A.~A. and {Plunkett}, A.~L. and {Prochaska}, J.~X. and 
	{Rastogi}, T. and {Reddy Janga}, V. and {Sabater}, J. and {Sakurikar}, P. and 
	{Seifert}, M. and {Sherbert}, L.~E. and {Sherwood-Taylor}, H. and 
	{Shih}, A.~Y. and {Sick}, J. and {Silbiger}, M.~T. and {Singanamalla}, S. and 
	{Singer}, L.~P. and {Sladen}, P.~H. and {Sooley}, K.~A. and 
	{Sornarajah}, S. and {Streicher}, O. and {Teuben}, P. and {Thomas}, S.~W. and 
	{Tremblay}, G.~R. and {Turner}, J.~E.~H. and {Terr{\'o}n}, V. and 
	{van Kerkwijk}, M.~H. and {de la Vega}, A. and {Watkins}, L.~L. and 
	{Weaver}, B.~A. and {Whitmore}, J.~B. and {Woillez}, J. and 
	{Zabalza}, V.},
    title = "{The Astropy Project: Building an inclusive, open-science project and status of the v2.0 core package}",
  journal = {ArXiv e-prints},
archivePrefix = "arXiv",
   eprint = {1801.02634},
 primaryClass = "astro-ph.IM",
 keywords = {Astrophysics - Instrumentation and Methods for Astrophysics},
     year = 2018,
    month = jan,
   adsurl = {http://adsabs.harvard.edu/abs/2018arXiv180102634T},
  adsnote = {Provided by the SAO/NASA Astrophysics Data System}
}
@ARTICLE{cloudy,
   author = {{Ferland}, G.~J. and {Chatzikos}, M. and {Guzm{\'a}n}, F. and 
	{Lykins}, M.~L. and {van Hoof}, P.~A.~M. and {Williams}, R.~J.~R. and 
	{Abel}, N.~P. and {Badnell}, N.~R. and {Keenan}, F.~P. and {Porter}, R.~L. and 
	{Stancil}, P.~C.},
    title = "{The 2017 Release Cloudy}",
  journal = {\rmxaa},
archivePrefix = "arXiv",
   eprint = {1705.10877},
 keywords = {atomic processes, galaxies: active, methods: numerical, molecular processes, radiation mechanisms: general},
     year = 2017,
    month = oct,
   volume = 53,
    pages = {385-438},
   adsurl = {http://adsabs.harvard.edu/abs/2017RMxAA..53..385F},
  adsnote = {Provided by the SAO/NASA Astrophysics Data System}
}

@ARTICLE{numpy,
   author = {{Van Der Walt}, S. and {Colbert}, S.~C. and {Varoquaux}, G.},
    title = "{The NumPy array: a structure for efficient numerical computation}",
  journal = {ArXiv e-prints},
archivePrefix = "arXiv",
   eprint = {1102.1523},
 primaryClass = "cs.MS",
 keywords = {Computer Science - Mathematical Software},
     year = 2011,
    month = feb,
   adsurl = {http://adsabs.harvard.edu/abs/2011arXiv1102.1523V},
  adsnote = {Provided by the SAO/NASA Astrophysics Data System}
}

@Misc{scipy,
  author =    {Eric Jones and Travis Oliphant and Pearu Peterson and others},
  title =     {{SciPy}: Open source scientific tools for {Python}},
  year =      {2001--},
  url = "http://www.scipy.org/",
  note = {[Online; accessed <today>]}
}

@Article{matplotlib,
  Author    = {Hunter, J. D.},
  Title     = {Matplotlib: A 2D graphics environment},
  Journal   = {Computing In Science \& Engineering},
  Volume    = {9},
  Number    = {3},
  Pages     = {90--95},
  abstract  = {Matplotlib is a 2D graphics package used for Python
  for application development, interactive scripting, and
  publication-quality image generation across user
  interfaces and operating systems.},
  publisher = {IEEE COMPUTER SOC},
  doi       = {10.1109/MCSE.2007.55},
  year      = 2007
}

@Article{Ipython,
  Author    = {P\'erez, Fernando and Granger, Brian E.},
  Title     = {{IP}ython: a System for Interactive Scientific Computing},
  Journal   = {Computing in Science and Engineering},
  Volume    = {9},
  Number    = {3},
  Pages     = {21--29},
  month     = may,
  year      = 2007,
  url       = "https://ipython.org",
  ISSN      = "1521-9615",
  doi       = {10.1109/MCSE.2007.53},
  publisher = {IEEE Computer Society},
}

@ARTICLE{Peters2010,
   author = {{Peters}, T. and {Klessen}, R.~S. and {Mac Low}, M.-M. and {Banerjee}, R.
	},
    title = "{Limiting Accretion onto Massive Stars by Fragmentation-induced Starvation}",
  journal = {\apj},
archivePrefix = "arXiv",
   eprint = {1005.3271},
 primaryClass = "astro-ph.GA",
 keywords = {accretion, accretion disks, H II regions, instabilities, stars: formation, stars: massive, stars: Population III},
     year = 2010,
    month = dec,
   volume = 725,
    pages = {134-145},
      doi = {10.1088/0004-637X/725/1/134},
   adsurl = {http://adsabs.harvard.edu/abs/2010ApJ...725..134P},
  adsnote = {Provided by the SAO/NASA Astrophysics Data System}
}

@ARTICLE{Kim2018,
   author = {{Kim}, J.-G. and {Kim}, W.-T. and {Ostriker}, E.~C.},
    title = "{Modeling UV Radiation Feedback from Massive Stars. II. Dispersal of Star-forming Giant Molecular Clouds by Photoionization and Radiation Pressure}",
  journal = {\apj},
archivePrefix = "arXiv",
   eprint = {1804.04664},
 keywords = {H ii regions, ISM: clouds, ISM: kinematics and dynamics, methods: numerical, radiation: dynamics, stars: formation },
     year = 2018,
    month = may,
   volume = 859,
      eid = {68},
    pages = {68},
      doi = {10.3847/1538-4357/aabe27},
   adsurl = {http://adsabs.harvard.edu/abs/2018ApJ...859...68K},
  adsnote = {Provided by the SAO/NASA Astrophysics Data System}
}

@ARTICLE{Dale2014,
   author = {{Dale}, J.~E. and {Ngoumou}, J. and {Ercolano}, B. and {Bonnell}, I.~A.
	},
    title = "{Before the first supernova: combined effects of H II regions and winds on molecular clouds}",
  journal = {\mnras},
archivePrefix = "arXiv",
   eprint = {1404.6102},
 keywords = {stars: formation, ISM: bubbles, H II regions},
     year = 2014,
    month = jul,
   volume = 442,
    pages = {694-712},
      doi = {10.1093/mnras/stu816},
   adsurl = {http://adsabs.harvard.edu/abs/2014MNRAS.442..694D},
  adsnote = {Provided by the SAO/NASA Astrophysics Data System}
}

@ARTICLE{WoodChurchwell1989,
   author = {{Wood}, D.~O.~S. and {Churchwell}, E.},
    title = "{Massive stars embedded in molecular clouds - Their population and distribution in the galaxy}",
  journal = {\apj},
 keywords = {H Ii Regions, Milky Way Galaxy, Molecular Clouds, Spatial Distribution, Star Formation, Stellar Mass, Far Infrared Radiation, Giant Stars, Infrared Sources (Astronomy), Main Sequence Stars, Solar Neighborhood},
     year = 1989,
    month = may,
   volume = 340,
    pages = {265-272},
      doi = {10.1086/167390},
   adsurl = {http://adsabs.harvard.edu/abs/1989ApJ...340..265W},
  adsnote = {Provided by the SAO/NASA Astrophysics Data System}
}

@ARTICLE{Krumholz2018,
   author = {{Krumholz}, M.~R.},
    title = "{Resolution Requirements and Resolution Problems in Simulations of Radiative Feedback in Dusty Gas}",
  journal = {\mnras},
archivePrefix = "arXiv",
   eprint = {1805.00210},
 keywords = {accretion, accretion disks, hydrodynamics, methods: numerical, radiation: dynamics, radiative transfer},
     year = 2018,
    month = aug,
      doi = {10.1093/mnras/sty2105},
   adsurl = {http://adsabs.harvard.edu/abs/2018MNRAS.tmp.1988K},
  adsnote = {Provided by the SAO/NASA Astrophysics Data System}
}

@ARTICLE{Hu2018,
   author = {{Hu}, C.-Y.},
    title = "{Supernova-driven winds in simulated dwarf galaxies}",
  journal = {ArXiv e-prints},
archivePrefix = "arXiv",
   eprint = {1805.06614},
 keywords = {Astrophysics - Astrophysics of Galaxies},
     year = 2018,
    month = may,
   adsurl = {http://adsabs.harvard.edu/abs/2018arXiv180506614H},
  adsnote = {Provided by the SAO/NASA Astrophysics Data System}
}

@ARTICLE{Emerick2018,
   author = {{Emerick}, A. and {Bryan}, G.~L. and {Mac Low}, M.-M.},
    title = "{Simulating an Isolated Dwarf Galaxy with Multi-Channel Feedback and Chemical Yields from Individual Stars}",
  journal = {ArXiv e-prints},
archivePrefix = "arXiv",
   eprint = {1807.07182},
 keywords = {Astrophysics - Astrophysics of Galaxies},
     year = 2018,
    month = jul,
   adsurl = {http://adsabs.harvard.edu/abs/2018arXiv180707182E},
  adsnote = {Provided by the SAO/NASA Astrophysics Data System}
}

@ARTICLE{SomervilleDave2015,
   author = {{Somerville}, R.~S. and {Dav{\'e}}, R.},
    title = "{Physical Models of Galaxy Formation in a Cosmological Framework}",
  journal = {\araa},
archivePrefix = "arXiv",
   eprint = {1412.2712},
     year = 2015,
    month = aug,
   volume = 53,
    pages = {51-113},
      doi = {10.1146/annurev-astro-082812-140951},
   adsurl = {http://adsabs.harvard.edu/abs/2015ARA%26A..53...51S},
  adsnote = {Provided by the SAO/NASA Astrophysics Data System}
}

@ARTICLE{Kirby2011,
   author = {{Kirby}, E.~N. and {Martin}, C.~L. and {Finlator}, K.},
    title = "{Metals Removed by Outflows from Milky Way Dwarf Spheroidal Galaxies}",
  journal = {\apjl},
archivePrefix = "arXiv",
   eprint = {1110.5624},
 primaryClass = "astro-ph.GA",
 keywords = {galaxies: abundances, galaxies: dwarf, galaxies: evolution, intergalactic medium, Local Group},
     year = 2011,
    month = dec,
   volume = 742,
      eid = {L25},
    pages = {L25},
      doi = {10.1088/2041-8205/742/2/L25},
   adsurl = {http://adsabs.harvard.edu/abs/2011ApJ...742L..25K},
  adsnote = {Provided by the SAO/NASA Astrophysics Data System}
}

@ARTICLE{McQuinn2015,
   author = {{McQuinn}, K.~B.~W. and {Skillman}, E.~D. and {Dolphin}, A. and 
	{Cannon}, J.~M. and {Salzer}, J.~J. and {Rhode}, K.~L. and {Adams}, E.~A.~K. and 
	{Berg}, D. and {Giovanelli}, R. and {Haynes}, M.~P.},
    title = "{Leo P: How Many Metals Can a Very Low Mass, Isolated Galaxy Retain?}",
  journal = {\apjl},
archivePrefix = "arXiv",
   eprint = {1512.00459},
 keywords = {galaxies: abundances, galaxies: dwarf, galaxies: evolution, galaxies: stellar content},
     year = 2015,
    month = dec,
   volume = 815,
      eid = {L17},
    pages = {L17},
      doi = {10.1088/2041-8205/815/2/L17},
   adsurl = {http://adsabs.harvard.edu/abs/2015ApJ...815L..17M},
  adsnote = {Provided by the SAO/NASA Astrophysics Data System}
}

@article{Abbott1982,
	Author = {{Abbott}, D.~C.},
	Journal = {\apj},
	Month = dec,
	Pages = {723-735},
	Title = {{The return of mass and energy to the interstellar medium by winds from early-type stars}},
	Volume = 263,
	Year = 1982}


@ARTICLE{Bressan2012,
   author = {{Bressan}, A. and {Marigo}, P. and {Girardi}, L. and {Salasnich}, B. and 
	{Dal Cero}, C. and {Rubele}, S. and {Nanni}, A.},
    title = "{PARSEC: stellar tracks and isochrones with the PAdova and TRieste Stellar Evolution Code}",
  journal = {\mnras},
archivePrefix = "arXiv",
   eprint = {1208.4498},
 primaryClass = "astro-ph.SR",
 keywords = {stars: evolution, Hertzsprung{\dash}Russell and colour magnitude diagrams, stars: interiors, stars: low-mass},
     year = 2012,
    month = nov,
   volume = 427,
    pages = {127-145},
      doi = {10.1111/j.1365-2966.2012.21948.x},
   adsurl = {http://adsabs.harvard.edu/abs/2012MNRAS.427..127B},
  adsnote = {Provided by the SAO/NASA Astrophysics Data System}
}

@ARTICLE{Smith2018b,
   author = {{Smith}, M.~C. and {Sijacki}, D. and {Shen}, S.},
    title = "{Supernova feedback in numerical simulations of galaxy formation: separating physics from numerics}",
  journal = {\mnras},
archivePrefix = "arXiv",
   eprint = {1709.03515},
 keywords = {galaxies: formation, methods: numerical, galaxies: evolution},
     year = 2018,
    month = jul,
   volume = 478,
    pages = {302-331},
      doi = {10.1093/mnras/sty994},
   adsurl = {http://adsabs.harvard.edu/abs/2018MNRAS.478..302S},
  adsnote = {Provided by the SAO/NASA Astrophysics Data System}
}

@ARTICLE{Smith2018a,
   author = {{Smith}, M.~C. and {Sijacki}, D. and {Shen}, S.},
    title = "{Cosmological simulations of dwarfs: the need for ISM physics beyond SN feedback alone}",
  journal = {ArXiv e-prints},
archivePrefix = "arXiv",
   eprint = {1807.04288},
 keywords = {Astrophysics - Astrophysics of Galaxies},
     year = 2018,
    month = jul,
   adsurl = {http://adsabs.harvard.edu/abs/2018arXiv180704288S},
  adsnote = {Provided by the SAO/NASA Astrophysics Data System}
}

@ARTICLE{LanzHubeny2003,
   author = {{Lanz}, T. and {Hubeny}, I.},
    title = "{A Grid of Non-LTE Line-blanketed Model Atmospheres of O-Type Stars}",
  journal = {\apjs},
   eprint = {astro-ph/0210157},
 keywords = {Methods: Numerical, Radiative Transfer, Stars: Atmospheres, Stars: Early-Type},
     year = 2003,
    month = jun,
   volume = 146,
    pages = {417-441},
      doi = {10.1086/374373},
   adsurl = {http://adsabs.harvard.edu/abs/2003ApJS..146..417L},
  adsnote = {Provided by the SAO/NASA Astrophysics Data System}
}

@ARTICLE{Burkert1995,
   author = {{Burkert}, A.},
    title = "{The Structure of Dark Matter Halos in Dwarf Galaxies}",
  journal = {\apjl},
   eprint = {astro-ph/9504041},
 keywords = {COSMOLOGY: DARK MATTER, GALAXIES: SPIRAL, GALAXIES: STRUCTURE},
     year = 1995,
    month = jul,
   volume = 447,
    pages = {L25-L28},
      doi = {10.1086/309560},
   adsurl = {http://adsabs.harvard.edu/abs/1995ApJ...447L..25B},
  adsnote = {Provided by the SAO/NASA Astrophysics Data System}
}

@ARTICLE{Hopkins2018,
   author = {{Hopkins}, P.~F. and {Wetzel}, A. and {Kere{\v s}}, D. and {Faucher-Gigu{\`e}re}, C.-A. and 
	{Quataert}, E. and {Boylan-Kolchin}, M. and {Murray}, N. and 
	{Hayward}, C.~C. and {Garrison-Kimmel}, S. and {Hummels}, C. and 
	{Feldmann}, R. and {Torrey}, P. and {Ma}, X. and {Angl{\'e}s-Alc{\'a}zar}, D. and 
	{Su}, K.-Y. and {Orr}, M. and {Schmitz}, D. and {Escala}, I. and 
	{Sanderson}, R. and {Grudi{\'c}}, M.~Y. and {Hafen}, Z. and 
	{Kim}, J.-H. and {Fitts}, A. and {Bullock}, J.~S. and {Wheeler}, C. and 
	{Chan}, T.~K. and {Elbert}, O.~D. and {Narayanan}, D.},
    title = "{FIRE-2 Simulations: Physics versus Numerics in Galaxy Formation}",
  journal = {\mnras},
archivePrefix = "arXiv",
   eprint = {1702.06148},
 keywords = {galaxies: formation, galaxies: evolution, galaxies: active, stars: formation, cosmology: theory, methods: numerical},
     year = 2018,
    month = jun,
      doi = {10.1093/mnras/sty1690},
   adsurl = {http://adsabs.harvard.edu/abs/2018MNRAS.tmp.1618H},
  adsnote = {Provided by the SAO/NASA Astrophysics Data System}
}

@ARTICLE{WiseAbel2012,
   author = {{Wise}, J.~H. and {Abel}, T. and {Turk}, M.~J. and {Norman}, M.~L. and 
	{Smith}, B.~D.},
    title = "{The birth of a galaxy - II. The role of radiation pressure}",
  journal = {\mnras},
archivePrefix = "arXiv",
   eprint = {1206.1043},
 primaryClass = "astro-ph.CO",
 keywords = {hydrodynamics, radiative transfer, methods: numerical, galaxies: star formation},
     year = 2012,
    month = nov,
   volume = 427,
    pages = {311-326},
      doi = {10.1111/j.1365-2966.2012.21809.x},
   adsurl = {http://adsabs.harvard.edu/abs/2012MNRAS.427..311W},
  adsnote = {Provided by the SAO/NASA Astrophysics Data System}
}

@ARTICLE{NaabOstriker2017,
   author = {{Naab}, T. and {Ostriker}, J.~P.},
    title = "{Theoretical Challenges in Galaxy Formation}",
  journal = {\araa},
archivePrefix = "arXiv",
   eprint = {1612.06891},
     year = 2017,
    month = aug,
   volume = 55,
    pages = {59-109},
      doi = {10.1146/annurev-astro-081913-040019},
   adsurl = {http://adsabs.harvard.edu/abs/2017ARA%26A..55...59N},
  adsnote = {Provided by the SAO/NASA Astrophysics Data System}
}

@ARTICLE{Leitherer1999,
   author = {{Leitherer}, C. and {Schaerer}, D. and {Goldader}, J.~D. and 
	{Delgado}, R.~M.~G. and {Robert}, C. and {Kune}, D.~F. and {de Mello}, D.~F. and 
	{Devost}, D. and {Heckman}, T.~M.},
    title = "{Starburst99: Synthesis Models for Galaxies with Active Star Formation}",
  journal = {\apjs},
   eprint = {astro-ph/9902334},
 keywords = {GALAXIES: EVOLUTION, GALAXIES: FUNDAMENTAL PARAMETERS, GALAXIES: STARBURST, GALAXIES: STELLAR CONTENT, METHODS: NUMERICAL, Galaxies: Evolution, Galaxies: Fundamental Parameters, Galaxies: Starburst, Galaxies: Stellar Content, Methods: Numerical},
     year = 1999,
    month = jul,
   volume = 123,
    pages = {3-40},
      doi = {10.1086/313233},
   adsurl = {http://adsabs.harvard.edu/abs/1999ApJS..123....3L},
  adsnote = {Provided by the SAO/NASA Astrophysics Data System}
}

@ARTICLE{Agertz2013,
   author = {{Agertz}, O. and {Kravtsov}, A.~V. and {Leitner}, S.~N. and 
	{Gnedin}, N.~Y.},
    title = "{Toward a Complete Accounting of Energy and Momentum from Stellar Feedback in Galaxy Formation Simulations}",
  journal = {\apj},
archivePrefix = "arXiv",
   eprint = {1210.4957},
 keywords = {galaxies: evolution, galaxies: ISM, ISM: structure, methods: numerical, stars: formation },
     year = 2013,
    month = jun,
   volume = 770,
      eid = {25},
    pages = {25},
      doi = {10.1088/0004-637X/770/1/25},
   adsurl = {http://adsabs.harvard.edu/abs/2013ApJ...770...25A},
  adsnote = {Provided by the SAO/NASA Astrophysics Data System}
}

@ARTICLE{Kim2013a,
   author = {{Kim}, J.-h. and {Krumholz}, M.~R. and {Wise}, J.~H. and {Turk}, M.~J. and 
	{Goldbaum}, N.~J. and {Abel}, T.},
    title = "{Dwarf Galaxies with Ionizing Radiation Feedback. I. Escape of Ionizing Photons}",
  journal = {\apj},
archivePrefix = "arXiv",
   eprint = {1210.3361},
 primaryClass = "astro-ph.GA",
 keywords = {galaxies: evolution, galaxies: formation, galaxies: starburst, H II regions, stars: evolution, stars: formation},
     year = 2013,
    month = oct,
   volume = 775,
      eid = {109},
    pages = {109},
      doi = {10.1088/0004-637X/775/2/109},
   adsurl = {http://adsabs.harvard.edu/abs/2013ApJ...775..109K},
  adsnote = {Provided by the SAO/NASA Astrophysics Data System}
}

@ARTICLE{Sales2014,
   author = {{Sales}, L.~V. and {Marinacci}, F. and {Springel}, V. and {Petkova}, M.
	},
    title = "{Stellar feedback by radiation pressure and photoionization}",
  journal = {\mnras},
archivePrefix = "arXiv",
   eprint = {1310.7572},
 keywords = {radiative transfer, stars: formation, ISM: general},
     year = 2014,
    month = apr,
   volume = 439,
    pages = {2990-3006},
      doi = {10.1093/mnras/stu155},
   adsurl = {http://adsabs.harvard.edu/abs/2014MNRAS.439.2990S},
  adsnote = {Provided by the SAO/NASA Astrophysics Data System}
}

@ARTICLE{Rosdahl2015,
   author = {{Rosdahl}, J. and {Schaye}, J. and {Teyssier}, R. and {Agertz}, O.
	},
    title = "{Galaxies that shine: radiation-hydrodynamical simulations of disc galaxies}",
  journal = {\mnras},
archivePrefix = "arXiv",
   eprint = {1501.04632},
 keywords = {radiative transfer, methods: numerical, galaxies: evolution},
     year = 2015,
    month = jul,
   volume = 451,
    pages = {34-58},
      doi = {10.1093/mnras/stv937},
   adsurl = {http://adsabs.harvard.edu/abs/2015MNRAS.451...34R},
  adsnote = {Provided by the SAO/NASA Astrophysics Data System}
}

@ARTICLE{Ocvirk2016,
   author = {{Ocvirk}, P. and {Gillet}, N. and {Shapiro}, P.~R. and {Aubert}, D. and 
	{Iliev}, I.~T. and {Teyssier}, R. and {Yepes}, G. and {Choi}, J.-H. and 
	{Sullivan}, D. and {Knebe}, A. and {Gottl{\"o}ber}, S. and {D'Aloisio}, A. and 
	{Park}, H. and {Hoffman}, Y. and {Stranex}, T.},
    title = "{Cosmic Dawn (CoDa): the First Radiation-Hydrodynamics Simulation of Reionization and Galaxy Formation in the Local Universe}",
  journal = {\mnras},
archivePrefix = "arXiv",
   eprint = {1511.00011},
 keywords = {reionization, intergalactic medium, galaxies: formation, high redshift, luminosity function, Local Group, radiative transfer, methods: numerical},
     year = 2016,
    month = dec,
   volume = 463,
    pages = {1462-1485},
      doi = {10.1093/mnras/stw2036},
   adsurl = {http://adsabs.harvard.edu/abs/2016MNRAS.463.1462O},
  adsnote = {Provided by the SAO/NASA Astrophysics Data System}
}



@ARTICLE{Oshea2015,
   author = {{O'Shea}, B.~W. and {Wise}, J.~H. and {Xu}, H. and {Norman}, M.~L.
	},
    title = "{Probing the Ultraviolet Luminosity Function of the Earliest Galaxies with the Renaissance Simulations}",
  journal = {\apjl},
archivePrefix = "arXiv",
   eprint = {1503.01110},
 keywords = {galaxies: evolution, galaxies: formation, galaxies: high-redshift},
     year = 2015,
    month = jul,
   volume = 807,
      eid = {L12},
    pages = {L12},
      doi = {10.1088/2041-8205/807/1/L12},
   adsurl = {http://adsabs.harvard.edu/abs/2015ApJ...807L..12O},
  adsnote = {Provided by the SAO/NASA Astrophysics Data System}
}

@ARTICLE{Pawlik2015,
   author = {{Pawlik}, A.~H. and {Schaye}, J. and {Dalla Vecchia}, C.},
    title = "{Spatially adaptive radiation-hydrodynamical simulations of galaxy formation during cosmological reionization}",
  journal = {\mnras},
archivePrefix = "arXiv",
   eprint = {1501.01980},
 keywords = {radiative transfer, methods: numerical, H II regions, galaxies: high-redshift, intergalactic medium, dark ages, reionization, first stars},
     year = 2015,
    month = aug,
   volume = 451,
    pages = {1586-1605},
      doi = {10.1093/mnras/stv976},
   adsurl = {http://adsabs.harvard.edu/abs/2015MNRAS.451.1586P},
  adsnote = {Provided by the SAO/NASA Astrophysics Data System}
}

@ARTICLE{Peters2017,
   author = {{Peters}, T. and {Naab}, T. and {Walch}, S. and {Glover}, S.~C.~O. and 
	{Girichidis}, P. and {Pellegrini}, E. and {Klessen}, R.~S. and 
	{W{\"u}nsch}, R. and {Gatto}, A. and {Baczynski}, C.},
    title = "{The SILCC project - IV. Impact of dissociating and ionizing radiation on the interstellar medium and H{$\alpha$} emission as a tracer of the star formation rate}",
  journal = {\mnras},
archivePrefix = "arXiv",
   eprint = {1610.06569},
 keywords = {radiation: dynamics, methods: numerical, stars: formation, H II regions, ISM: structure, galaxies: ISM},
     year = 2017,
    month = apr,
   volume = 466,
    pages = {3293-3308},
      doi = {10.1093/mnras/stw3216},
   adsurl = {http://adsabs.harvard.edu/abs/2017MNRAS.466.3293P},
  adsnote = {Provided by the SAO/NASA Astrophysics Data System}
}

@ARTICLE{Roskar2014,
   author = {{Ro{\v s}kar}, R. and {Teyssier}, R. and {Agertz}, O. and {Wetzstein}, M. and 
	{Moore}, B.},
    title = "{A systematic look at the effects of radiative feedback on disc galaxy formation}",
  journal = {\mnras},
archivePrefix = "arXiv",
   eprint = {1308.6321},
 keywords = {galaxies: evolution, galaxies: formation, galaxies: spiral, galaxies: structure},
     year = 2014,
    month = nov,
   volume = 444,
    pages = {2837-2853},
      doi = {10.1093/mnras/stu1548},
   adsurl = {http://adsabs.harvard.edu/abs/2014MNRAS.444.2837R},
  adsnote = {Provided by the SAO/NASA Astrophysics Data System}
}

@ARTICLE{Ceverino2014,
   author = {{Ceverino}, D. and {Klypin}, A. and {Klimek}, E.~S. and {Trujillo-Gomez}, S. and 
	{Churchill}, C.~W. and {Primack}, J. and {Dekel}, A.},
    title = "{Radiative feedback and the low efficiency of galaxy formation in low-mass haloes at high redshift}",
  journal = {\mnras},
archivePrefix = "arXiv",
   eprint = {1307.0943},
 keywords = {galaxies: formation},
     year = 2014,
    month = aug,
   volume = 442,
    pages = {1545-1559},
      doi = {10.1093/mnras/stu956},
   adsurl = {http://adsabs.harvard.edu/abs/2014MNRAS.442.1545C},
  adsnote = {Provided by the SAO/NASA Astrophysics Data System}
}

@ARTICLE{Forbes2016,
   author = {{Forbes}, J.~C. and {Krumholz}, M.~R. and {Goldbaum}, N.~J. and 
	{Dekel}, A.},
    title = "{Suppression of star formation in dwarf galaxies by photoelectric grain heating feedback}",
  journal = {\nat},
archivePrefix = "arXiv",
   eprint = {1605.00650},
     year = 2016,
    month = jul,
   volume = 535,
    pages = {523-525},
      doi = {10.1038/nature18292},
   adsurl = {http://adsabs.harvard.edu/abs/2016Natur.535..523F},
  adsnote = {Provided by the SAO/NASA Astrophysics Data System}
}

@ARTICLE{Hu2016,
   author = {{Hu}, C.-Y. and {Naab}, T. and {Walch}, S. and {Glover}, S.~C.~O. and 
	{Clark}, P.~C.},
    title = "{Star formation and molecular hydrogen in dwarf galaxies: a non-equilibrium view}",
  journal = {\mnras},
archivePrefix = "arXiv",
   eprint = {1510.05644},
 keywords = {methods: numerical, galaxies: evolution, galaxies: ISM},
     year = 2016,
    month = jun,
   volume = 458,
    pages = {3528-3553},
      doi = {10.1093/mnras/stw544},
   adsurl = {http://adsabs.harvard.edu/abs/2016MNRAS.458.3528H},
  adsnote = {Provided by the SAO/NASA Astrophysics Data System}
}

@ARTICLE{Hu2017,
   author = {{Hu}, C.-Y. and {Naab}, T. and {Glover}, S.~C.~O. and {Walch}, S. and 
	{Clark}, P.~C.},
    title = "{Variable interstellar radiation fields in simulated dwarf galaxies: supernovae versus photoelectric heating}",
  journal = {\mnras},
archivePrefix = "arXiv",
   eprint = {1701.08779},
 keywords = {galaxies: dwarf, galaxies: ISM, galaxies: star formation},
     year = 2017,
    month = oct,
   volume = 471,
    pages = {2151-2173},
      doi = {10.1093/mnras/stx1773},
   adsurl = {http://adsabs.harvard.edu/abs/2017MNRAS.471.2151H},
  adsnote = {Provided by the SAO/NASA Astrophysics Data System}
}

@ARTICLE{HQM2012,
   author = {{Hopkins}, P.~F. and {Quataert}, E. and {Murray}, N.},
    title = "{The structure of the interstellar medium of star-forming galaxies}",
  journal = {\mnras},
archivePrefix = "arXiv",
   eprint = {1110.4636},
 primaryClass = "astro-ph.CO",
 keywords = {stars: formation, galaxies: active, galaxies: evolution, galaxies: formation, cosmology: theory},
     year = 2012,
    month = apr,
   volume = 421,
    pages = {3488-3521},
      doi = {10.1111/j.1365-2966.2012.20578.x},
   adsurl = {http://adsabs.harvard.edu/abs/2012MNRAS.421.3488H},
  adsnote = {Provided by the SAO/NASA Astrophysics Data System}
}


@ARTICLE{HQM2011,
   author = {{Hopkins}, P.~F. and {Quataert}, E. and {Murray}, N.},
    title = "{Self-regulated star formation in galaxies via momentum input from massive stars}",
  journal = {\mnras},
archivePrefix = "arXiv",
   eprint = {1101.4940},
 primaryClass = "astro-ph.CO",
 keywords = {galaxies: evolution, galaxies: formation, cosmology: theory},
     year = 2011,
    month = oct,
   volume = 417,
    pages = {950-973},
      doi = {10.1111/j.1365-2966.2011.19306.x},
   adsurl = {http://adsabs.harvard.edu/abs/2011MNRAS.417..950H},
  adsnote = {Provided by the SAO/NASA Astrophysics Data System}
}

@ARTICLE{WiseAbel2011,
   author = {{Wise}, J.~H. and {Abel}, T.},
    title = "{ENZO+MORAY: radiation hydrodynamics adaptive mesh refinement simulations with adaptive ray tracing}",
  journal = {\mnras},
archivePrefix = "arXiv",
   eprint = {1012.2865},
 primaryClass = "astro-ph.IM",
 keywords = {hydrodynamics, radiative transfer, methods: numerical},
     year = 2011,
    month = jul,
   volume = 414,
    pages = {3458-3491},
      doi = {10.1111/j.1365-2966.2011.18646.x},
   adsurl = {http://adsabs.harvard.edu/abs/2011MNRAS.414.3458W},
  adsnote = {Provided by the SAO/NASA Astrophysics Data System}
}

@ARTICLE{Enzo2014,
   author = {{Bryan}, G.~L. and {Norman}, M.~L. and {O'Shea}, B.~W. and {Abel}, T. and 
	{Wise}, J.~H. and {Turk}, M.~J. and {Reynolds}, D.~R. and {Collins}, D.~C. and 
	{Wang}, P. and {Skillman}, S.~W. and {Smith}, B. and {Harkness}, R.~P. and 
	{Bordner}, J. and {Kim}, J.-h. and {Kuhlen}, M. and {Xu}, H. and 
	{Goldbaum}, N. and {Hummels}, C. and {Kritsuk}, A.~G. and {Tasker}, E. and 
	{Skory}, S. and {Simpson}, C.~M. and {Hahn}, O. and {Oishi}, J.~S. and 
	{So}, G.~C. and {Zhao}, F. and {Cen}, R. and {Li}, Y. and {The Enzo Collaboration}
	},
    title = "{ENZO: An Adaptive Mesh Refinement Code for Astrophysics}",
  journal = {\apjs},
archivePrefix = "arXiv",
   eprint = {1307.2265},
 primaryClass = "astro-ph.IM",
 keywords = {hydrodynamics, methods: numerical },
     year = 2014,
    month = apr,
   volume = 211,
      eid = {19},
    pages = {19},
      doi = {10.1088/0067-0049/211/2/19},
   adsurl = {http://adsabs.harvard.edu/abs/2014ApJS..211...19B},
  adsnote = {Provided by the SAO/NASA Astrophysics Data System}
}

@ARTICLE{GrackleMethod,
   author = {{Smith}, B.~D. and {Bryan}, G.~L. and {Glover}, S.~C.~O. and 
	{Goldbaum}, N.~J. and {Turk}, M.~J. and {Regan}, J. and {Wise}, J.~H. and 
	{Schive}, H.-Y. and {Abel}, T. and {Emerick}, A. and {O'Shea}, B.~W. and 
	{Anninos}, P. and {Hummels}, C.~B. and {Khochfar}, S.},
    title = "{GRACKLE: a chemistry and cooling library for astrophysics}",
  journal = {\mnras},
archivePrefix = "arXiv",
   eprint = {1610.09591},
 keywords = {astrochemistry, methods: numerical, galaxies: formation},
     year = 2017,
    month = apr,
   volume = 466,
    pages = {2217-2234},
      doi = {10.1093/mnras/stw3291},
   adsurl = {http://adsabs.harvard.edu/abs/2017MNRAS.466.2217S},
  adsnote = {Provided by the SAO/NASA Astrophysics Data System}
}

@ARTICLE{Salpeter1955,
   author = {{Salpeter}, E.~E.},
    title = "{The Luminosity Function and Stellar Evolution.}",
  journal = {\apj},
     year = 1955,
    month = jan,
   volume = 121,
    pages = {161},
      doi = {10.1086/145971},
   adsurl = {http://adsabs.harvard.edu/abs/1955ApJ...121..161S},
  adsnote = {Provided by the SAO/NASA Astrophysics Data System}
}
