@ARTICLE{2019MNRAS.482.1304E,
       author = {{Emerick}, Andrew and {Bryan}, Greg L. and {Mac Low}, Mordecai-Mark},
        title = "{Simulating an isolated dwarf galaxy with multichannel feedback and chemical yields from individual stars}",
      journal = {\mnras},
     keywords = {hydrodynamics, ISM: abundances, galaxies: dwarf, galaxies: evolution, galaxies: ISM, Astrophysics - Astrophysics of Galaxies},
         year = "2019",
        month = "Jan",
       volume = {482},
        pages = {1304-1329},
          doi = {10.1093/mnras/sty2689},
archivePrefix = {arXiv},
       eprint = {1807.07182},
 primaryClass = {astro-ph.GA},
       adsurl = {https://ui.adsabs.harvard.edu/\#abs/2019MNRAS.482.1304E},
      adsnote = {Provided by the SAO/NASA Astrophysics Data System}
}


