@ARTICLE{2018ApJ...865L..22E,
       author = {{Emerick}, Andrew and {Bryan}, Greg L. and {Mac Low}, Mordecai-Mark},
        title = "{Stellar Radiation Is Critical for Regulating Star Formation and Driving Outflows in Low-mass Dwarf Galaxies}",
      journal = {\apj},
     keywords = {galaxies: dwarf, galaxies: evolution, galaxies: ISM, hydrodynamics, radiative transfer, Astrophysics - Astrophysics of Galaxies},
         year = "2018",
        month = "Oct",
       volume = {865},
          eid = {L22},
        pages = {L22},
          doi = {10.3847/2041-8213/aae315},
archivePrefix = {arXiv},
       eprint = {1808.00468},
 primaryClass = {astro-ph.GA},
       adsurl = {https://ui.adsabs.harvard.edu/\#abs/2018ApJ...865L..22E},
      adsnote = {Provided by the SAO/NASA Astrophysics Data System}
}


